@misc{Moore_Caser_Cayanan_Mesubed_2023,
	title={Development of a Natural Larval Diet for CRB},
	url={https://osf.io/2pcgz},
	publisher={OSF},
	author={Moore, Aubrey and Caser, Laura R T and Cayanan, Christian and Mesubed, Raimunt},
	year={2023},
	month={Jan}
}
@misc{Moore_Caser_2023,
	title={Testing Palau Gut Samples},
	url={https://osf.io/9hdvu},
	publisher={OSF},
	author={Moore, Aubrey and Caser, Laura R T},
	year={2023},
	month={Mar}
}
